@article{dong2020interactive,
  title={An interactive web-based dashboard to track COVID-19 in real time},
  author={Dong, Ensheng and Du, Hongru and Gardner, Lauren},
  journal={The Lancet infectious diseases},
  year={2020},
  publisher={Elsevier}
}

@article{krantz2020level,
  title={Level of under-reporting including under-diagnosis before the first peak of COVID-19 in various countries: Preliminary Retrospective Results Based on Wavelets and Deterministic Modeling},
  author={Krantz, Steven G and Rao, Arni SR Srinivasa},
  journal={Infection Control \& Hospital Epidemiology},
  pages={1--8},
  year={2020},
  publisher={Cambridge University Press}
}
@article{brauer2005kermack,
  title={The Kermack--McKendrick epidemic model revisited},
  author={Brauer, Fred},
  journal={Mathematical biosciences},
  volume={198},
  number={2},
  pages={119--131},
  year={2005},
  publisher={Elsevier}
}

@article{lutz2019applying,
  title={Applying infectious disease forecasting to public health: a path forward using influenza forecasting examples},
  author={Lutz, Chelsea S and Huynh, Mimi P and Schroeder, Monica and Anyatonwu, Sophia and Dahlgren, F Scott and Danyluk, Gregory and Fernandez, Danielle and Greene, Sharon K and Kipshidze, Nodar and Liu, Leann and others},
  journal={BMC Public Health},
  volume={19},
  number={1},
  pages={1659},
  year={2019},
  publisher={Springer}
}

@misc{reichlabcovid,
  author = {Reich Lab},
  title = {COVID Forecasting Hub},
  year = {2020},
  publisher = {GitHub},
  journal = {GitHub repository},
  howpublished = {\url{https://github.com/reichlab/covid19-forecast-hub}}
}
@article{covid2020forecasting,
  title={Forecasting COVID-19 impact on hospital bed-days, ICU-days, ventilator-days and deaths by US state in the next 4 months},
  author={COVID, IHME and Murray, Christopher JL and others},
  journal={medRxiv},
  year={2020},
  publisher={Cold Spring Harbor Laboratory Press}
}
@article{russel2020using,
  title={Using a delay-adjusted case fatality ratio to estimate under-reporting},
  author={Russel, T and Hellewell, Joel and Abbot, S and others},
  journal={Available at the Centre for Mathematical Modelling of Infectious Diseases Repository, here},
  year={2020}
}

@article{jombart2020inferring,
  title={Inferring the number of COVID-19 cases from recently reported deaths},
  author={Jombart, Thibaut and Van Zandvoort, Kevin and Russell, Timothy W and Jarvis, Christopher I and Gimma, Amy and Abbott, Sam and Clifford, Sam and Funk, Sebastian and Gibbs, Hamish and Liu, Yang and others},
  journal={Wellcome Open Research},
  volume={5},
  number={78},
  pages={78},
  year={2020},
  publisher={F1000 Research Limited}
}

@article{perc2020forecasting,
  title={Forecasting COVID-19},
  author={Perc, Matja{\v{z}} and Gori{\v{s}}ek Miksi{\'c}, Nina and Slavinec, Mitja and Sto{\v{z}}er, Andra{\v{z}}},
  journal={Frontiers in Physics},
  volume={8},
  pages={127},
  year={2020},
  publisher={Frontiers}
}
@misc{midas,
  author = {Midas.},
  title = {COVID19 Parameter Estimates},
  year = {2020},
  publisher = {GitHub},
  journal = {GitHub repository},
  howpublished = {\url{https://github.com/midas-network/COVID-19/tree/master/parameter_estimates/2019_novel_coronavirus}}
}